<?xml version="1.0" encoding="UTF-8"?><collection xmlns="http://www.loc.gov/MARC21/slim"><record><leader>00563nam--2200205-u-4500</leader><controlfield tag="001">000053058</controlfield><controlfield tag="002">20161230</controlfield><controlfield tag="005">20161230201050</controlfield><controlfield tag="008">110104s1000------------r-----000-0-eng-d</controlfield><datafield ind1=" " ind2=" " tag="020"><subfield code="a">354043903X</subfield></datafield><datafield ind1=" " ind2=" " tag="040"><subfield code="a">IFIN-HH</subfield></datafield><datafield ind1=" " ind2=" " tag="080"><subfield code="a">538.971:544.18:519.6</subfield></datafield><datafield ind1="1" ind2=" " tag="100"><subfield code="a">Gross, Axel</subfield></datafield><datafield ind1="1" ind2="0" tag="245"><subfield code="a">Theoretical surface science</subfield><subfield code="b">A microscopic perspective</subfield><subfield code="c">Axel gross</subfield></datafield><datafield ind1=" " ind2=" " tag="260"><subfield code="a">HEIDELBERG</subfield><subfield code="b">Springer Verlag</subfield><subfield code="c">2003</subfield></datafield><datafield ind1=" " ind2=" " tag="300"><subfield code="a">275P</subfield></datafield><datafield ind1=" " ind2=" " tag="490"><subfield code="a">Advanced Texts In Physics</subfield></datafield><datafield ind1=" " ind2="4" tag="650"><subfield code="a">Surfaces (Physics)</subfield></datafield><datafield ind1=" " ind2=" " tag="852"><subfield code="a">81714</subfield><subfield code="c">538.9</subfield></datafield><datafield ind1=" " ind2=" " tag="CAT"><subfield code="a">Sys</subfield><subfield code="c">20110104</subfield><subfield code="h">111310</subfield></datafield></record></collection>